@misc{ros_wiki_navigation,
author = {ROS Wiki contributors},
title = {navigation},
howpublished = {\url{https://wiki.ros.org/navigation}},
note = {(Accessed on 9/22/2025)}
}

